<?xml version="1.0" encoding="UTF-8"?><record xmlns="http://www.loc.gov/MARC21/slim" xmlns:cinclude="http://apache.org/cocoon/include/1.0" xmlns:zs="http://www.loc.gov/zing/srw/">
  <leader>00469nz  a2200145n  4500</leader>
  <controlfield tag="001">no2006025416</controlfield>
  <controlfield tag="003">DLC</controlfield>
  <controlfield tag="005">20060311071055.0</controlfield>
  <controlfield tag="008">060310n| acannaabn          |n aaa     c</controlfield>
  <datafield tag="010" ind1=" " ind2=" ">
    <subfield code="a">no2006025416</subfield>
  </datafield>
  <datafield tag="035" ind1=" " ind2=" ">
    <subfield code="a">(OCoLC)oca06878458</subfield>
  </datafield>
  <datafield tag="040" ind1=" " ind2=" ">
    <subfield code="a">IWhI</subfield>
    <subfield code="b">eng</subfield>
    <subfield code="c">IWhI</subfield>
  </datafield>
  <datafield tag="100" ind1="1" ind2=" ">
    <subfield code="a">Palmieri, Matt</subfield>
  </datafield>
  <datafield tag="670" ind1=" " ind2=" ">
    <subfield code="a">Sand, 2002:</subfield>
    <subfield code="b">credits (Matt Palmieri)</subfield>
  </datafield>
  <datafield tag="670" ind1=" " ind2=" ">
    <subfield code="a">Internet movie database WWW home page, March 10, 2006</subfield>
    <subfield code="b">(Matt Palmieri; director, producer, writer; b. Santa Monica, Calif.)</subfield>
  </datafield>
</record>